<?xml version="1.0" encoding="UTF-8"?><collection xmlns="http://www.loc.gov/MARC21/slim"><record><leader>00336nam--2200133-i-4500</leader><controlfield tag="001">000033871</controlfield><controlfield tag="002">20161230</controlfield><controlfield tag="005">20161230201039</controlfield><controlfield tag="008">060222s1000------------r-----000-0-eng-d</controlfield><datafield ind1=" " ind2=" " tag="080"><subfield code="a">681.31:5</subfield></datafield><datafield ind1=" " ind2=" " tag="100"><subfield code="a">Morison, Elting E</subfield></datafield><datafield ind1=" " ind2=" " tag="245"><subfield code="a">Men, machines and modern times</subfield></datafield><datafield ind1=" " ind2=" " tag="260"><subfield code="a">Massachusetts, The M.I.T.Press, 1966, 235p</subfield></datafield><datafield ind1=" " ind2=" " tag="852"><subfield code="a">34431</subfield></datafield></record></collection>